@article{anderson1958coherent,
  title={Coherent excited states in the theory of superconductivity: Gauge invariance and the Meissner effect},
  author={Anderson, Philip W},
  journal={Physical review},
  volume={110},
  number={4},
  pages={827},
  year={1958},
  publisher={APS}
}
@book{fradkin2013field,
  title={Field theories of condensed matter physics},
  author={Fradkin, Eduardo},
  year={2013},
  publisher={Cambridge University Press}
}
@book{abrikosov2012methods,
  title={Methods of quantum field theory in statistical physics},
  author={Abrikosov, Alekse{\u\i} Alekseevich and Gorkov, Lev Petrovich and Dzyaloshinski, Igor Ekhielevich},
  year={2012},
  publisher={Courier Corporation}
}
@book{mahanmany,
  title={Many-Particle Physics},
  author={Mahan, GD},
  year={1990},
  publisher={Plenum Press}
}
@book{kubo2012statistical,
  title={Statistical physics II: nonequilibrium statistical mechanics},
  author={Kubo, Ryogo and Toda, Morikazu and Hashitsume, Natsuki},
  volume={31},
  year={2012},
  publisher={Springer Science \& Business Media}
}
@book{levy2000magnetism,
  title={Magnetism and superconductivity},
  author={L{\'e}vy, Laurent-Patrick},
  year={2000},
  publisher={Springer Science \& Business Media}
}
@book{giuliani2005quantum,
  title={Quantum theory of the electron liquid},
  author={Giuliani, Gabriele and Vignale, Giovanni},
  year={2005},
  publisher={Cambridge university press}
}
@article{scalapino1993insulator,
  title={Insulator, metal, or superconductor: The criteria},
  author={Scalapino, Douglas J and White, Steven R and Zhang, Shoucheng},
  journal={Physical Review B},
  volume={47},
  number={13},
  pages={7995},
  year={1993},
  publisher={APS}
}
@article{scalapino1992superfluid,
  title={Superfluid density and the Drude weight of the Hubbard model},
  author={Scalapino, Douglas J and White, Steven R and Zhang, SC},
  journal={Physical review letters},
  volume={68},
  number={18},
  pages={2830},
  year={1992},
  publisher={APS}
}
@article{moss1990band,
  title={Band-structure calculation of dispersion and anisotropy in $\chi$â†’(3) for third-harmonic generation in Si, Ge, and GaAs},
  author={Moss, DJ and Ghahramani, E and Sipe, JE and Van Driel, HM},
  journal={Physical Review B},
  volume={41},
  number={3},
  pages={1542},
  year={1990},
  publisher={APS}
}
@Misc{Priv_Comm_Person_Xu,
  author = {Xu, Yang},
  howpublished = {(private communication)},
  year = {2021}
}
@article{cooper1997thermoelectric,
  title={Thermoelectric response of an interacting two-dimensional electron gas in a quantizing magnetic field},
  author={Cooper, NR and Halperin, BI and Ruzin, IM},
  journal={Physical Review B},
  volume={55},
  number={4},
  pages={2344},
  year={1997},
  publisher={APS}
}
@article{kapustin2019absence,
  title={Absence of energy currents in an equilibrium state and chiral anomalies},
  author={Kapustin, Anton and Spodyneiko, Lev},
  journal={Physical review letters},
  volume={123},
  number={6},
  pages={060601},
  year={2019},
  publisher={APS}
}
@article{kapustin2020thermal,
  title={Thermal Hall conductance and a relative topological invariant of gapped two-dimensional systems},
  author={Kapustin, Anton and Spodyneiko, Lev},
  journal={Physical Review B},
  volume={101},
  number={4},
  pages={045137},
  year={2020},
  publisher={APS}
}
@article{luttinger1964theory,
  title={Theory of thermal transport coefficients},
  author={Luttinger, JM},
  journal={Physical Review},
  volume={135},
  number={6A},
  pages={A1505},
  year={1964},
  publisher={APS}
}
@article{kubo1957statistical,
  title={Statistical-mechanical theory of irreversible processes. I. General theory and simple applications to magnetic and conduction problems},
  author={Kubo, Ryogo},
  journal={Journal of the Physical Society of Japan},
  volume={12},
  number={6},
  pages={570--586},
  year={1957},
  publisher={The Physical Society of Japan}
}
@article{watanabe2019proof,
  title={A proof of the Bloch theorem for lattice models},
  author={Watanabe, Haruki},
  journal={Journal of Statistical Physics},
  volume={177},
  number={4},
  pages={717--726},
  year={2019},
  publisher={Springer}
}
@article{wakui1992dijkgraaf,
  title={On Dijkgraaf-Witten invariant for 3-manifolds},
  author={Wakui, Michihisa},
  journal={Osaka Journal of Mathematics},
  volume={29},
  number={4},
  pages={675--696},
  year={1992},
  publisher={Osaka University and Osaka City University, Departments of Mathematics}
}
@article{atiyah1983yang,
  title={The yang-mills equations over riemann surfaces},
  author={Atiyah, Michael Francis and Bott, Raoul},
  journal={Philosophical Transactions of the Royal Society of London. Series A, Mathematical and Physical Sciences},
  volume={308},
  number={1505},
  pages={523--615},
  year={1983},
  publisher={The Royal Society London}
}
@article{chen2013symmetry,
  title={Symmetry protected topological orders and the group cohomology of their symmetry group},
  author={Chen, Xie and Gu, Zheng-Cheng and Liu, Zheng-Xin and Wen, Xiao-Gang},
  journal={Physical Review B},
  volume={87},
  number={15},
  pages={155114},
  year={2013},
  publisher={APS}
}
@article{dijkgraaf1990topological,
  title={Topological gauge theories and group cohomology},
  author={Dijkgraaf, Robbert and Witten, Edward},
  journal={Communications in Mathematical Physics},
  volume={129},
  number={2},
  pages={393--429},
  year={1990},
  publisher={Springer}
}
@article{jensen2014coupling,
  title={On the coupling of Galilean-invariant field theories to curved spacetime},
  author={Jensen, Kristan},
  journal={arXiv preprint arXiv:1408.6855},
  year={2014}
}
@article{kadanoff1963hydrodynamic,
  title={Hydrodynamic equations and correlation functions},
  author={Kadanoff, Leo P and Martin, Paul C},
  journal={Annals of Physics},
  volume={24},
  pages={419--469},
  year={1963},
  publisher={Elsevier}
}
@article{bhattacharya2014theory,
  title={A theory of first order dissipative superfluid dynamics},
  author={Bhattacharya, Jyotirmoy and Bhattacharyya, Sayantani and Minwalla, Shiraz and Yarom, Amos},
  journal={Journal of High Energy Physics},
  volume={2014},
  number={5},
  pages={147},
  year={2014},
  publisher={Springer}
}
@article{son2009hydrodynamics,
  title={Hydrodynamics with triangle anomalies},
  author={Son, Dam T and Surowka, Piotr},
  journal={Physical review letters},
  volume={103},
  number={19},
  pages={191601},
  year={2009},
  publisher={APS}
}
@article{kaminski2014nonrelativistic,
  title={Nonrelativistic parity-violating hydrodynamics in two spatial dimensions},
  author={Kaminski, Matthias and Moroz, Sergej},
  journal={Physical Review B},
  volume={89},
  number={11},
  pages={115418},
  year={2014},
  publisher={APS}
}
@article{jensen2015revisiting,
  title={Revisiting non-relativistic limits},
  author={Jensen, Kristan and Karch, Andreas},
  journal={Journal of High Energy Physics},
  volume={2015},
  number={4},
  pages={155},
  year={2015},
  publisher={Springer}
}
@article{wen1995topological,
  title={Topological orders and edge excitations in fractional quantum Hall states},
  author={Wen, Xiao-Gang},
  journal={Advances in Physics},
  volume={44},
  number={5},
  pages={405--473},
  year={1995},
  publisher={Taylor \& Francis}
}
@article{haldane1983fractional,
  title={Fractional quantization of the Hall effect: a hierarchy of incompressible quantum fluid states},
  author={Haldane, F Duncan M},
  journal={Physical Review Letters},
  volume={51},
  number={7},
  pages={605},
  year={1983},
  publisher={APS}
}
@article{wen1992classification,
  title={Classification of Abelian quantum Hall states and matrix formulation of topological fluids},
  author={Wen, Xiao-Gang and Zee, Anthony},
  journal={Physical Review B},
  volume={46},
  number={4},
  pages={2290},
  year={1992},
  publisher={APS}
}
@article{hoyos2012hall,
  title={Hall viscosity and electromagnetic response},
  author={Hoyos, Carlos and Son, Dam Thanh},
  journal={Physical review letters},
  volume={108},
  number={6},
  pages={066805},
  year={2012},
  publisher={APS}
}
@article{read2009non,
  title={Non-Abelian adiabatic statistics and Hall viscosity in quantum Hall states and p x+ i p y paired superfluids},
  author={Read, N},
  journal={Physical Review B},
  volume={79},
  number={4},
  pages={045308},
  year={2009},
  publisher={APS}
}
@article{son2006general,
  title={General coordinate invariance and conformal invariance in nonrelativistic physics: Unitary Fermi gas},
  author={Son, DT and Wingate, M},
  journal={Annals of Physics},
  volume={321},
  number={1},
  pages={197--224},
  year={2006},
  publisher={Elsevier}
}
@article{bradlyn2012kubo,
  title={Kubo formulas for viscosity: Hall viscosity, Ward identities, and the relation with conductivity},
  author={Bradlyn, Barry and Goldstein, Moshe and Read, N},
  journal={Physical Review B},
  volume={86},
  number={24},
  pages={245309},
  year={2012},
  publisher={APS}
}
@article{levay1993algebraic,
  title={Algebraic scattering theory and the geometric phase},
  author={L{\'e}vay, P{\'e}ter and Apagyi, Barnab{\'a}s},
  journal={Physical Review A},
  volume={47},
  number={2},
  pages={823},
  year={1993},
  publisher={APS}
}
@article{read2011hall,
  title={Hall viscosity, orbital spin, and geometry: Paired superfluids and quantum Hall systems},
  author={Read, N and Rezayi, EH},
  journal={Physical Review B},
  volume={84},
  number={8},
  pages={085316},
  year={2011},
  publisher={APS}
}
@article{niu1985quantized,
  title={Quantized Hall conductance as a topological invariant},
  author={Niu, Qian and Thouless, Ds J and Wu, Yong-Shi},
  journal={Physical Review B},
  volume={31},
  number={6},
  pages={3372},
  year={1985},
  publisher={APS}
}
@misc{landau1987elasticity,
  title={Elasticity theory},
  author={Landau, L Davidovich and Lifshitz, Eugin M},
  year={1987},
  publisher={Nauka, Moscow}
}
@book{landau1995fluid,
  title={Fluid dynamics},
  author={Landau, Lev Davidovich and Lifshitz, Evgenii Mikhailovich},
  year={1995},
  publisher={Butterworth-Heinemann}
}
@article{avron1995viscosity,
  title={Viscosity of quantum Hall fluids},
  author={Avron, JE and Seiler, Ruedi and Zograf, Petr G},
  journal={Physical review letters},
  volume={75},
  number={4},
  pages={697},
  year={1995},
  publisher={APS}
}
@article{wen2012modular,
  title={Modular transformation and bosonic/fermionic topological orders in Abelian fractional quantum Hall states},
  author={Wen, Xiao-Gang},
  journal={arXiv preprint arXiv:1212.5121},
  year={2012}
}
@article{levay1995berry,
  title={Berry phases for Landau Hamiltonians on deformed tori},
  author={L{\'e}vay, P{\'e}ter},
  journal={Journal of Mathematical Physics},
  volume={36},
  number={6},
  pages={2792--2802},
  year={1995},
  publisher={American Institute of Physics}
}
@article{kapustin2020thermal,
  title={Thermal Hall conductance and a relative topological invariant of gapped two-dimensional systems},
  author={Kapustin, Anton and Spodyneiko, Lev},
  journal={Physical Review B},
  volume={101},
  number={4},
  pages={045137},
  year={2020},
  publisher={APS}
}
@article{ryu2012electromagnetic,
  title={Electromagnetic and gravitational responses and anomalies in topological insulators and superconductors},
  author={Ryu, Shinsei and Moore, Joel E and Ludwig, Andreas WW},
  journal={Physical Review B},
  volume={85},
  number={4},
  pages={045104},
  year={2012},
  publisher={APS}
}
@book{bertlmann2000anomalies,
  title={Anomalies in quantum field theory},
  author={Bertlmann, Reinhold A},
  volume={91},
  year={2000},
  publisher={Oxford University Press}
}
@article{alvarez1984gravitational,
  title={Gravitational anomalies},
  author={Alvarez-Gaume, Luis and Witten, Edward},
  journal={Nuclear Physics B},
  volume={234},
  number={2},
  pages={269--330},
  year={1984},
  publisher={Elsevier}
}
@article{witten2019anomaly,
  title={Anomaly Inflow and the $$\backslash$eta $-Invariant},
  author={Witten, Edward and Yonekura, Kazuya},
  journal={arXiv preprint arXiv:1909.08775},
  year={2019}
}
@article{qi2008topological,
  title={Topological field theory of time-reversal invariant insulators},
  author={Qi, Xiao-Liang and Hughes, Taylor L and Zhang, Shou-Cheng},
  journal={Physical Review B},
  volume={78},
  number={19},
  pages={195424},
  year={2008},
  publisher={APS}
}
@article{wilczek1987two,
  title={Two applications of axion electrodynamics},
  author={Wilczek, Frank},
  journal={Physical review letters},
  volume={58},
  number={18},
  pages={1799},
  year={1987},
  publisher={APS}
}
@article{hosur2010chiral,
  title={Chiral topological insulators, superconductors, and other competing orders in three dimensions},
  author={Hosur, Pavan and Ryu, Shinsei and Vishwanath, Ashvin},
  journal={Physical Review B},
  volume={81},
  number={4},
  pages={045120},
  year={2010},
  publisher={APS}
}
@article{ryu2010topological,
  title={Topological insulators and superconductors: tenfold way and dimensional hierarchy},
  author={Ryu, Shinsei and Schnyder, Andreas P and Furusaki, Akira and Ludwig, Andreas WW},
  journal={New Journal of Physics},
  volume={12},
  number={6},
  pages={065010},
  year={2010},
  publisher={IOP Publishing}
}
@article{chiu2016classification,
  title={Classification of topological quantum matter with symmetries},
  author={Chiu, Ching-Kai and Teo, Jeffrey CY and Schnyder, Andreas P and Ryu, Shinsei},
  journal={Reviews of Modern Physics},
  volume={88},
  number={3},
  pages={035005},
  year={2016},
  publisher={APS}
}
@article{luttinger1964theory,
  title={Theory of thermal transport coefficients},
  author={Luttinger, JM},
  journal={Physical Review},
  volume={135},
  number={6A},
  pages={A1505},
  year={1964},
  publisher={APS}
}
@book{fujikawa2004path,
  title={Path integrals and quantum anomalies},
  author={Fujikawa, Kazuo and Fujikawa, Kazuo and Suzuki, Hiroshi and others},
  number={122},
  year={2004},
  publisher={Oxford University Press on Demand}
}
@article{redlich1984parity,
  title={Parity violation and gauge noninvariance of the effective gauge field action in three dimensions},
  author={Redlich, A Norman},
  journal={Physical Review D},
  volume={29},
  number={10},
  pages={2366},
  year={1984},
  publisher={APS}
}
@article{son2015composite,
  title={Is the composite fermion a dirac particle?},
  author={Son, Dam Thanh},
  journal={Physical Review X},
  volume={5},
  number={3},
  pages={031027},
  year={2015},
  publisher={APS}
}
@article{callan1985anomalies,
  title={Anomalies and fermion zero modes on strings and domain walls},
  author={Callan Jr, Curtis G and Harvey, Jeffrey A},
  journal={Nuclear Physics B},
  volume={250},
  number={1-4},
  pages={427--436},
  year={1985},
  publisher={Elsevier}
}
@article{altland1997nonstandard,
  title={Nonstandard symmetry classes in mesoscopic normal-superconducting hybrid structures},
  author={Altland, Alexander and Zirnbauer, Martin R},
  journal={Physical Review B},
  volume={55},
  number={2},
  pages={1142},
  year={1997},
  publisher={APS}
}
@article{chen2013symmetry,
  title={Symmetry protected topological orders and the group cohomology of their symmetry group},
  author={Chen, Xie and Gu, Zheng-Cheng and Liu, Zheng-Xin and Wen, Xiao-Gang},
  journal={Physical Review B},
  volume={87},
  number={15},
  pages={155114},
  year={2013},
  publisher={APS}
}
@inproceedings{kitaev2009periodic,
  title={Periodic table for topological insulators and superconductors},
  author={Kitaev, Alexei},
  booktitle={AIP conference proceedings},
  volume={1134},
  number={1},
  pages={22--30},
  year={2009},
  organization={American Institute of Physics}
}
@article{ludwig2015topological,
  title={Topological phases: classification of topological insulators and superconductors of non-interacting fermions, and beyond},
  author={Ludwig, Andreas WW},
  journal={Physica Scripta},
  volume={2016},
  number={T168},
  pages={014001},
  year={2015},
  publisher={IOP Publishing}
}
@article{maldacena1999large,
  title={The large-N limit of superconformal field theories and supergravity},
  author={Maldacena, Juan},
  journal={International journal of theoretical physics},
  volume={38},
  number={4},
  pages={1113--1133},
  year={1999},
  publisher={Springer}
}
@article{witten2016fermion,
  title={Fermion path integrals and topological phases},
  author={Witten, Edward},
  journal={Reviews of Modern Physics},
  volume={88},
  number={3},
  pages={035001},
  year={2016},
  publisher={APS}
}
@article{kong2020algebraic,
  title={Algebraic higher symmetry and categorical symmetry: A holographic and entanglement view of symmetry},
  author={Kong, Liang and Lan, Tian and Wen, Xiao-Gang and Zhang, Zhi-Hao and Zheng, Hao},
  journal={Physical Review Research},
  volume={2},
  number={4},
  pages={043086},
  year={2020},
  publisher={APS}
}
@book{peskin2018introduction,
  title={An introduction to quantum field theory},
  author={Peskin, Michael},
  year={2018},
  publisher={CRC press}
}
@article{fujikawa1980path,
  title={Path integral for gauge theories with fermions},
  author={Fujikawa, Kazuo},
  journal={Physical Review D},
  volume={21},
  number={10},
  pages={2848},
  year={1980},
  publisher={APS}
}
@article{fujikawa1979path,
  title={Path-integral measure for gauge-invariant fermion theories},
  author={Fujikawa, Kazuo},
  journal={Physical Review Letters},
  volume={42},
  number={18},
  pages={1195},
  year={1979},
  publisher={APS}
}
@article{edwards1975theory,
  title={Theory of spin glasses},
  author={Edwards, Samuel Frederick and Anderson, Phil W},
  journal={Journal of Physics F: Metal Physics},
  volume={5},
  number={5},
  pages={965},
  year={1975},
  publisher={IOP Publishing}
}
@book{forster2018hydrodynamic,
  title={Hydrodynamic fluctuations, broken symmetry, and correlation functions},
  author={Forster, Dieter},
  year={2018},
  publisher={CRC Press}
}
@article{kubo1957statistical,
  title={Statistical-mechanical theory of irreversible processes. I. General theory and simple applications to magnetic and conduction problems},
  author={Kubo, Ryogo},
  journal={Journal of the Physical Society of Japan},
  volume={12},
  number={6},
  pages={570--586},
  year={1957},
  publisher={The Physical Society of Japan}
}
@article{kadanoff1963hydrodynamic,
  title={Hydrodynamic equations and correlation functions},
  author={Kadanoff, Leo P and Martin, Paul C},
  journal={Annals of Physics},
  volume={24},
  pages={419--469},
  year={1963},
  publisher={Elsevier}
}

@article{onsager1931reciprocal,
  title={Reciprocal relations in irreversible processes. I.},
  author={Onsager, Lars},
  journal={Physical review},
  volume={37},
  number={4},
  pages={405},
  year={1931},
  publisher={APS}
}
@article{geracie2015spacetime,
  title={Spacetime symmetries of the quantum Hall effect},
  author={Geracie, Michael and Son, Dam Thanh and Wu, Chaolun and Wu, Shao-Feng},
  journal={Physical Review D},
  volume={91},
  number={4},
  pages={045030},
  year={2015},
  publisher={APS}
}
@article{son2013newton,
  title={Newton-Cartan geometry and the quantum Hall effect},
  author={Son, Dam Thanh},
  journal={arXiv preprint arXiv:1306.0638},
  year={2013}
}
@article{hoyos2012hall,
  title={Hall viscosity and electromagnetic response},
  author={Hoyos, Carlos and Son, Dam Thanh},
  journal={Physical review letters},
  volume={108},
  number={6},
  pages={066805},
  year={2012},
  publisher={APS}
}
@article{geracie2015hydrodynamics,
  title={Hydrodynamics on the lowest Landau level},
  author={Geracie, Michael and Son, Dam Thanh},
  journal={Journal of High Energy Physics},
  volume={2015},
  number={6},
  pages={44},
  year={2015},
  publisher={Springer}
}
@article{kovtun2012lectures,
  title={Lectures on hydrodynamic fluctuations in relativistic theories},
  author={Kovtun, Pavel},
  journal={Journal of Physics A: Mathematical and Theoretical},
  volume={45},
  number={47},
  pages={473001},
  year={2012},
  publisher={IOP Publishing}
}
@book{chaikin2000principles,
  title={Principles of condensed matter physics},
  author={Chaikin, Paul M and Lubensky, Tom C},
  volume={1},
  year={2000},
  publisher={Cambridge university press Cambridge}
}
@article{damle1997nonzero,
  title={Nonzero-temperature transport near quantum critical points},
  author={Damle, Kedar and Sachdev, Subir},
  journal={Physical Review B},
  volume={56},
  number={14},
  pages={8714},
  year={1997},
  publisher={APS}
}
@article{hohenberg1977theory,
  title={Theory of dynamic critical phenomena},
  author={Hohenberg, Pierre C and Halperin, Bertrand I},
  journal={Reviews of Modern Physics},
  volume={49},
  number={3},
  pages={435},
  year={1977},
  publisher={APS}
}
@article{halperin1969hydrodynamic,
  title={Hydrodynamic theory of spin waves},
  author={Halperin, BI and Hohenberg, PC},
  journal={Physical Review},
  volume={188},
  number={2},
  pages={898},
  year={1969},
  publisher={APS}
}
@article{hartnoll2007theory,
  title={Theory of the Nernst effect near quantum phase transitions in condensed matter and in dyonic black holes},
  author={Hartnoll, Sean A and Kovtun, Pavel K and M{\"u}ller, Markus and Sachdev, Subir},
  journal={Physical Review B},
  volume={76},
  number={14},
  pages={144502},
  year={2007},
  publisher={APS}
}
@article{herzog2009lectures,
  title={Lectures on holographic superfluidity and superconductivity},
  author={Herzog, Christopher P},
  journal={Journal of Physics A: Mathematical and Theoretical},
  volume={42},
  number={34},
  pages={343001},
  year={2009},
  publisher={IOP Publishing}
}
@article{lindgren2015holographic,
  title={Holographic Hall conductivities from dyonic backgrounds},
  author={Lindgren, Jonathan and Papadimitriou, Ioannis and Taliotis, Anastasios and Vanhoof, Joris},
  journal={Journal of High Energy Physics},
  volume={2015},
  number={7},
  pages={94},
  year={2015},
  publisher={Springer}
}